@inproceedings{Harjono:2010:BSW:1923947.1924015,
	author = {Harjono, Johan and Ng, Gloria and Kong, Ding and Lo, Jimmy},
	title = {Building Smarter Web Applications with HTML5},
	booktitle = {Proceedings of the 2010 Conference of the Center for Advanced Studies on Collaborative Research},
	series = {CASCON '10},
	year = {2010},
	location = {Toronto, Ontario, Canada},
	pages = {402--403},
	numpages = {2},
	url = {http://dx.doi.org/10.1145/1923947.1924015},
	doi = {10.1145/1923947.1924015},
	acmid = {1924015},
	publisher = {IBM Corp.},
	address = {Riverton, NJ, USA},}

@INPROCEEDINGS{6068340, 
	author={Taivalsaari, A. and Mikkonen, T.}, 
	booktitle={Software Engineering and Advanced Applications (SEAA), 2011 37th EUROMICRO Conference on}, 
	title={The Web as an Application Platform: The Saga Continues}, 
	year={2011}, 
	month={Aug}, 
	pages={170-174}, 
	keywords={Internet;Web sites;document handling;HTML5;Saga;Web technologies;WebGL;World Wide Web;application platform;binary programs;content distribution environment;document sharing system;end user software;information distribution;information sharing;interactive Web applications;software platform;Browsers;Graphics;Software;Standards;Three dimensional displays;Web pages;HTML5;WebGL;web evolution;web programming;web-based software development}, 
	doi={10.1109/SEAA.2011.35},}

@INPROCEEDINGS{5936687, 
	author={Taivalsaari, A. and Mikkonen, T. and Anttonen, M. and Salminen, A.}, 
	booktitle={Creating, Connecting and Collaborating through Computing (C5), 2011 Ninth International Conference on}, 
	title={The Death of Binary Software: End User Software Moves to the Web}, 
	year={2011}, 
	month={Jan}, 
	pages={17-23}, 
	keywords={Internet;software engineering;HTML5;WebGL;World Wide Web;binary software;end user software;information distribution;information sharing;interactive Web applications;software engineering research;Browsers;Graphics;Kernel;Programming;Three dimensional displays;Web sites;JavaScript;Lively Kernel;web applications;web programming}, 
	doi={10.1109/C5.2011.9},}

@Book{parisi2012webgl,
	author = {Parisi, Tony},
	title = {WebGL up and running},
	publisher = {O'Reilly Media},
	year = {2012},
	address = {Sebastopol, Calif},
	isbn = {978-1-449-32357-8}}

@Book{parisi2014programming,
	author = {Parisi, Tony},
	title = {Programming 3D applications with HTML5 and WebGL},
	publisher = {O'Reilly Media},
	year = {2014},
	address = {Sebastopol, CA},
	isbn = {978-1-449-36296-6}}

@misc{websiteexample,
    author = "{Ministry for Primary Industries}",
    title = {{Kina sea urchin regions in NZ}},
    howpublished = {\url{http://fs.fish.govt.nz/Page.aspx?pk=7&sc=SUR}},
    note = {Online; accessed 29 January 2014} ,
    year={2013},
}